<?xml version="1.0" encoding="UTF-8"?><collection xmlns="http://www.loc.gov/MARC21/slim"><record><leader>00472nam--2200181-i-4500</leader><controlfield tag="001">000023233</controlfield><controlfield tag="002">20161230</controlfield><controlfield tag="005">20170127235856</controlfield><controlfield tag="008">060222s1000------------r-----000-0-eng-d</controlfield><datafield ind1=" " ind2=" " tag="040"><subfield code="a">IFIN-HH</subfield></datafield><datafield ind1=" " ind2=" " tag="080"><subfield code="a">083.5:51</subfield></datafield><datafield ind1=" " ind2=" " tag="245"><subfield code="a">Handbook of tables for mathematics</subfield></datafield><datafield ind1=" " ind2=" " tag="260"><subfield code="a">Cleveland, Ohio</subfield><subfield code="b">The Chemical Rubber, Co</subfield><subfield code="c">1970</subfield></datafield><datafield ind1=" " ind2=" " tag="300"><subfield code="a">XVI + 1120 p</subfield></datafield><datafield ind1=" " ind2=" " tag="490"><subfield code="a">Handbook Series</subfield></datafield><datafield ind1=" " ind2=" " tag="700"><subfield code="a">Weast, Robert C</subfield></datafield><datafield ind1=" " ind2=" " tag="852"><subfield code="a">37591</subfield><subfield code="c">518.2</subfield></datafield><datafield ind1=" " ind2=" " tag="CAT"><subfield code="a">SYS</subfield><subfield code="c">20170127</subfield><subfield code="h">235856</subfield></datafield></record></collection>